@article{ ousterhout-scripting,
    author = {John K. Ousterhout},
    title = {Scripting: Higher-Level Programming for the 21st Century},
    journal ={Computer},
    volume = {31},
    number = {3},
    issn = {0018-9162},
    year = {1998},
    pages = {23-30},
    publisher = {IEEE Computer Society},
    address = {Los Alamitos, CA, USA},
}
@inproceedings{ waterfall,
 author = {W. W. Royce},
 title = {Managing the development of large software systems: concepts and techniques},
 booktitle = {ICSE '87: Proceedings of the 9th international conference on Software Engineering},
 year = {1987},
 isbn = {0-89791-216-0},
 pages = {328--338},
 location = {Monterey, California, United States},
 publisher = {IEEE Computer Society Press},
 address = {Los Alamitos, CA, USA},
 }

@article{stepwise-refinement,
 author = {Niklaus Wirth},
 title = {Program development by stepwise refinement},
 journal = {Commun. ACM},
 volume = {14},
 number = {4},
 year = {1971},
 issn = {0001-0782},
 pages = {221--227},
 doi = {http://doi.acm.org/10.1145/362575.362577},
 publisher = {ACM},
 address = {New York, NY, USA},
 }

@misc{agile-manifesto,
 author = { Kent Beck and Mike Beedle and Arie van Bennekum and Alistair Cockburn and Ward Cunningham and Martin Fowler and James Grenning and Jim Highsmith and Andrew Hunt and Ron Jeffries and Jon Kern and Brian Marick and Robert C. Martin and Steve Mellor and Ken Schwaber and Jeff Sutherland and Dave Thomas},
 title = {Manifesto for Agile Software Development},
 year = {2001},
 howpublished = {\url{http://agilemanifesto.org} \emph{(Last visited: 20070911)}},
}

@manual{arm7tdmi,
  title         = "ARM7TDMI (rev.3) Technical Reference Manual",
  author        = "",
  organization  = "ARM",
  address       = "",
  edition       = "",
  month         = "",
  year          = "2001",
  note          = ""  }

@misc{sun-j2me,
  author        = "Sun Microsystems",
  title         = "The Java ME Platform",
  howpublished  = "\url{http://java.sun.com/javame/}",
  month         = "",
  year          = "2009",
  note          = ""  }
@misc{esmertec-globenews,
  author        = "Esmertec",
  title         = "Q2 2008: Esmertec reports 27.6 million Jbed shipments and 146 million mobile subscribers",
  howpublished  = "\url{http://www.myriadgroup.com/pdfs/esmertec/2008/Esmertec_reports_27.6_million_Jbed_shipments.pdf}",
  month         = "September",
  year          = "2008",
  note          = ""  }

@misc{cldc10,
  author        = "Sun Microsystems",
  title         = "Connected, Limited Device Configuration. Specification Version 1.0",
  howpublished  = "JSR-30",
  month         = "May",
  year          = "2000",
  note          = ""  }

@misc{cldc11,
  author        = "Sun Microsystems",
  title         = "Connected Limited Device Configuration. Specification Version 1.1",
  howpublished  = "JSR-139",
  month         = "March",
  year          = "2003",
  note          = ""  }
@misc{mobref,
  author        = "GetJar",
  title         = "CLDC version market share (March 2009)",
  howpublished  = "\url{http://stats.getjar.com/statistics/world/gJavaCLDCVer}",
  month         = "April",
  year          = "2009",
  note          = ""  }

@book{jvmref,
        author = {Lindholm, Tim   and Yellin, Frank  },
        howpublished = {Paperback},
        isbn = {0201432943},
        month = {April},
        publisher = {{Prentice Hall PTR}},
        title = {The Java(TM) Virtual Machine Specification (2nd Edition)},
        year = {1999}
}

@misc{kvm,
        author = {Sun Microsystems},
        title = {CLDC Reference Implementation Version 1.1},
        howpublished = {(source code)},
        month = {March},
        year = {2003}
}


        
@booklet{nokia-optim,
  title         = "Designing MIDP Applications For Optimization",
  author        = "Nokia",
  howpublished  = "",
  address       = "",
  month         = "August",
  year          = "2004",
  note          = ""  }


@misc{gartner,
        author = {Gartner Inc.},
        title = {Worldwide Smartphone Sales Reached Its Lowest Growth Rate With 3.7 Per Cent Increase in Fourth Quarter of 2008},
        howpublished = {\url{http://www.gartner.com/it/page.jsp?id=910112}},
        month = {March},
        year = {2009}
}


@misc{cellular-news,
        author = {cellular-news},
        title = {Worldwide Mobile Phone Sales Down by 5\% in Q4 '08},
        howpublished = {\url{http://www.cellular-news.com/story/36315.php}},
        month = {March},
        year = {2009}
}

@mastersthesis{kahlua-thesis,
  author        = "Kristofer Karlsson",
  title         = "Methods for reducing distribution size for J2ME applications",
  school        = "KTH Computer Science and Education",
  year          = "2008",
  type          = "",
  address       = "",
  month         = "",
  note          = ""  }

@misc{zipspec,
        author = {Pkware},
        title = {.ZIP Application Note Support},
        howpublished = {\url{http://www.pkware.com/support/zip-application-note}},
        month = {September},
        note= {Specification of the zip file format},
        year = {2007}
}

@misc{jones-forth,
        author = {Richard W.M. Jones},
        title = {A sometimes minimal FORTH compiler and tutorial for Linux / i386 systems.},
        howpublished = {\url{http://annexia.org/forth}},
        month = {October},
        year = {2007}
}


@PhdThesis{ertl-dissertation,
  author =       {M. Anton Ertl},
  title =        {Implementation of Stack-Based Languages on Register
                  Machines},
  school =       {{Technische  Universit\"{a}t Wien}},
  year =         {1996},
  address =      {Austria},
}


@book{thinking-forth,
 author = {Brodie,, Leo B.},
 title = {Thinking FORTH:  a language and philosophy for solving problems},
 year = {1984},
 isbn = {0-13-917568-7},
 publisher = {Prentice-Hall, Inc.},
 address = {Upper Saddle River, NJ, USA},
 }


@book{tclbook,
 author = {Ousterhout,, John K.},
 title = {Tcl and the Tk toolkit},
 year = {1994},
 isbn = {0-201-63337-X},
 publisher = {Addison-Wesley Longman Publishing Co., Inc.},
 address = {Boston, MA, USA},
}



@misc{factor-language,
        author = {Slava Pestov},
        title = {Factor: An Extensible Interactive Language},
        howpublished = {Google Tech Talks},
        month = {October},
        year = {2008}
}


@book{ecma-262,
  author = {ECMA International},
  title = {Standard ECMA-262},
  url = {http://www.ecma-international.org/publications/standards/Ecma-262.htm},
  year = {1999}
}


@misc{crockford-web,
        author = {Douglas Crockford},
        title = {Douglas Crockford's Javascript},
        howpublished = {\url{http://javascript.crockford.com/}},
        month = {April},
        year = {2009}
}

@misc{spidermonkey,
        author = {Mozilla},
        title = {SpiderMonkey},
        howpublished = {(source code)},
}
