@boot{sicp,
 author = {Harold Abelson and Gerald Jay Sussman},
 title = {Structure and Intepretation of Computer Programs},
 year = {1996},
 isbn = {0-262-01153-0},
 publisher = {MIT Press},
 address = {Cambridge, MA, USA},
 }
